<record><leader>00000cas a22000007a 4500</leader><controlfield tag="001">14089872</controlfield><controlfield tag="008">860814c19779999wvuwr n       0    0eng d</controlfield><datafield ind1=" " ind2=" " tag="010"><subfield code="a">sn 86092568 </subfield></datafield><datafield ind1=" " ind2=" " tag="040"><subfield code="a">WVC</subfield><subfield code="b">eng</subfield><subfield code="c">WVC</subfield><subfield code="d">OCL</subfield><subfield code="d">OCLCQ</subfield></datafield><datafield ind1=" " ind2=" " tag="042"><subfield code="a">msc</subfield></datafield><datafield ind1="0" ind2=" " tag="130"><subfield code="a">Weekender (Keyser, W. Va.)</subfield></datafield><datafield ind1="1" ind2="4" tag="245"><subfield code="a">The weekender.</subfield></datafield><datafield ind1=" " ind2=" " tag="260"><subfield code="a">Keyser, W. Va. :</subfield><subfield code="b">Mr. &amp; Mrs. Walter D. Tetrick,</subfield><subfield code="c">1977-</subfield></datafield><datafield ind1=" " ind2=" " tag="300"><subfield code="a">v.</subfield></datafield><datafield ind1=" " ind2=" " tag="310"><subfield code="a">Weekly</subfield></datafield><datafield ind1="0" ind2=" " tag="362"><subfield code="a">Vol. 65, no. 1 &amp; vol. 101, no. 38 (Sept. 17, 1977)-</subfield></datafield><datafield ind1=" " ind2=" " tag="515"><subfield code="a">Carries numbering systems from: Mineral daily news and Keyser tribune, and: Mountain echo.</subfield></datafield><datafield ind1=" " ind2=" " tag="580"><subfield code="a">Combined Saturday edition of: Mineral daily news and Keyser tribune, and: Mountain echo.</subfield></datafield><datafield ind1=" " ind2=" " tag="752"><subfield code="a">United States</subfield><subfield code="b">West Virginia</subfield><subfield code="c">MIneral</subfield><subfield code="d">Keyser.</subfield></datafield><datafield ind1="1" ind2=" " tag="775"><subfield code="t">Mineral daily news and Keyser tribune</subfield><subfield code="w">(DLC)sn 86092081</subfield></datafield><datafield ind1="0" ind2="1" tag="780"><subfield code="t">Mountain echo</subfield><subfield code="w">(DLC)sn 86092074</subfield></datafield></record>